<record><leader>00000cas a22000007a 4500</leader><controlfield tag="001">18065359</controlfield><controlfield tag="008">880610d18831898nduwr ne      0   a0eng d</controlfield><datafield ind1=" " ind2=" " tag="010"><subfield code="a">sn 88076144 </subfield></datafield><datafield ind1=" " ind2=" " tag="040"><subfield code="a">NOP</subfield><subfield code="b">eng</subfield><subfield code="c">NOP</subfield><subfield code="d">OCLCQ</subfield><subfield code="d">HND</subfield><subfield code="d">DLC</subfield><subfield code="d">OCLCF</subfield></datafield><datafield ind1="0" ind2=" " tag="022"><subfield code="a">2475-9821</subfield><subfield code="2">1</subfield></datafield><datafield ind1=" " ind2=" " tag="042"><subfield code="a">msc</subfield><subfield code="a">nsdp</subfield></datafield><datafield ind1=" " ind2=" " tag="043"><subfield code="a">n-us-nd</subfield></datafield><datafield ind1="0" ind2="0" tag="050"><subfield code="a">Newspaper</subfield></datafield><datafield ind1="1" ind2="0" tag="082"><subfield code="a">071</subfield><subfield code="2">23</subfield></datafield><datafield ind1=" " ind2="0" tag="222"><subfield code="a">Oakes weekly Republican</subfield><subfield code="b">(Print)</subfield></datafield><datafield ind1="0" ind2="0" tag="245"><subfield code="a">Oakes weekly Republican.</subfield></datafield><datafield ind1="3" ind2="0" tag="246"><subfield code="a">Oakes Republican semiweekly</subfield></datafield><datafield ind1=" " ind2=" " tag="260"><subfield code="a">Oakes, Dickey County, D.T. [i.e. N.D.] :</subfield><subfield code="b">Ellis &amp; Buxton</subfield></datafield><datafield ind1=" " ind2=" " tag="300"><subfield code="a">v. :</subfield><subfield code="b">ill. ;</subfield><subfield code="c">56-67 cm.</subfield></datafield><datafield ind1=" " ind2=" " tag="310"><subfield code="a">Weekly,</subfield><subfield code="b">Oct. 5, 1894-1898</subfield></datafield><datafield ind1=" " ind2=" " tag="321"><subfield code="a">Weekly,</subfield><subfield code="b">1883-June 1, 1894</subfield></datafield><datafield ind1=" " ind2=" " tag="321"><subfield code="a">Semiweekly,</subfield><subfield code="b">June 8 [i.e. 12]-Sept. 28, 1894</subfield></datafield><datafield ind1="1" ind2=" " tag="362"><subfield code="a">Began in 1883; ceased in 1898.</subfield></datafield><datafield ind1=" " ind2=" " tag="500"><subfield code="a">Published as: Oakes Republican semiweekly, June 8 [i.e. 12]-Sept. 28, 1894.</subfield></datafield><datafield ind1=" " ind2=" " tag="500"><subfield code="a">"Official paper of Dickey County."</subfield></datafield><datafield ind1=" " ind2=" " tag="530"><subfield code="a">Available on microfilm from the State Historical Society of North Dakota.</subfield></datafield><datafield ind1=" " ind2=" " tag="530"><subfield code="a">Archived issues are available in digital format from the Library of Congress Chronicling America online collection.</subfield></datafield><datafield ind1=" " ind2=" " tag="588"><subfield code="a">Description based on: Vol. 6, no. 4 (Jan. 4, 1889).</subfield></datafield><datafield ind1=" " ind2="0" tag="651"><subfield code="a">Oakes (N.D.)</subfield><subfield code="v">Newspapers.</subfield></datafield><datafield ind1=" " ind2="7" tag="655"><subfield code="a">Newspapers.</subfield><subfield code="2">fast</subfield><subfield code="0">(OCoLC)fst01423814</subfield></datafield><datafield ind1=" " ind2="7" tag="651"><subfield code="a">North Dakota</subfield><subfield code="z">Oakes.</subfield><subfield code="2">fast</subfield><subfield code="0">(OCoLC)fst01248959</subfield></datafield><datafield ind1=" " ind2=" " tag="752"><subfield code="a">United States</subfield><subfield code="b">North Dakota</subfield><subfield code="c">Dickey</subfield><subfield code="d">Oakes.</subfield></datafield><datafield ind1="0" ind2="8" tag="776"><subfield code="i">Online version:</subfield><subfield code="t">Oakes weekly Republican</subfield><subfield code="x">2475-983X</subfield><subfield code="w">(DLC)  2017218561</subfield><subfield code="w">(OCoLC)971626035</subfield></datafield><datafield ind1="0" ind2="5" tag="780"><subfield code="t">Ludden times</subfield><subfield code="w">(DLC)sn 88076142</subfield></datafield><datafield ind1="0" ind2="5" tag="780"><subfield code="t">Sargeant County rustler</subfield></datafield><datafield ind1="0" ind2="0" tag="785"><subfield code="t">Oakes Republican</subfield><subfield code="w">(DLC)sn 88076145</subfield></datafield><datafield ind1="4" ind2="1" tag="856"><subfield code="u">http://www.loc.gov/chroniclingamerica/lccn/sn88076144/issues</subfield></datafield></record>